@inproceedings{hiniker2018coco,
  title={Coco's Videos: An Empirical Investigation of Video-Player Design Features and Children's Media Use},
  author={Hiniker, Alexis and Heung, Sharon S and Hong, Sungsoo Ray and Kientz, Julie A},
  booktitle={Proceedings of the 2018 CHI Conference on Human Factors in Computing Systems},
  pages={254},
  year={2018},
  organization={ACM}
}

@inproceedings{forghani2018g2g,
  title={G2G: The Design and Evaluation of a Shared Calendar and Messaging System for Grandparents and Grandchildren},
  author={Forghani, Azadeh and Neustaedter, Carman and Vu, Manh C and Judge, Tejinder K and Antle, Alissa N},
  booktitle={Proceedings of the 2018 CHI Conference on Human Factors in Computing Systems},
  pages={155},
  year={2018},
  organization={ACM}
}

@inproceedings{drescher2018moves,
  title={What Moves Players?: Visual Data Exploration of Twitter and Gameplay Data},
  author={Drescher, Christian and Wallner, Guenter and Kriglstein, Simone and Sifa, Rafet and Drachen, Anders and Pohl, Margit},
  booktitle={Proceedings of the 2018 CHI Conference on Human Factors in Computing Systems},
  pages={560},
  year={2018},
  organization={ACM}
}